@Manual{R-base,
  title = {R: A Language and Environment for Statistical Computing},
  author = {{R Core Team}},
  organization = {R Foundation for Statistical Computing},
  address = {Vienna, Austria},
  year = {2024},
  url = {https://www.R-project.org/},
}
@Book{R-ggplot2,
  author = {Hadley Wickham},
  title = {ggplot2: Elegant Graphics for Data Analysis},
  publisher = {Springer-Verlag New York},
  year = {2016},
  isbn = {978-3-319-24277-4},
  url = {https://ggplot2.tidyverse.org},
}
@Article{R-OpenMx_a,
  title = {Open{M}x 2.0: {E}xtended structural equation and statistical modeling},
  author = {Michael C. Neale and Michael D. Hunter and Joshua N. Pritikin and Mahsa Zahery and Timothy R. Brick and Robert M. Kirkpatrick and Ryne Estabrook and Timothy C. Bates and Hermine H. Maes and Steven M. Boker},
  journal = {Psychometrika},
  publisher = {Psychometric Society},
  year = {2016},
  volume = {81},
  number = {2},
  pages = {535-549},
  doi = {10.1007/s11336-014-9435-8},
}
@Article{R-OpenMx_b,
  title = {Modular open-source software for {I}tem {F}actor {A}nalysis},
  author = {Joshua N. Pritikin and Michael D. Hunter and Steven M. Boker},
  journal = {Educational and Psychological Measurement},
  year = {2015},
  volume = {75},
  number = {3},
  pages = {458-474},
}
@Article{R-OpenMx_c,
  title = {State Space Modeling in an Open Source, Modular, Structural Equation Modeling Environment},
  author = {Michael D. Hunter},
  journal = {Structural Equation Modeling},
  year = {2018},
  volume = {25},
  number = {2},
  pages = {307-324},
  doi = {10.1080/10705511.2017.1369354},
}
@Manual{R-papaja,
  title = {{papaja}: {Prepare} reproducible {APA} journal articles with {R Markdown}},
  author = {Frederik Aust and Marius Barth},
  year = {2023},
  note = {R package version 0.1.2},
  url = {https://github.com/crsh/papaja},
}
@Manual{R-tidySEM,
  title = {tidySEM: Tidy Structural Equation Modeling},
  author = {Caspar J. {van Lissa}},
  year = {2023},
  note = {R package version 0.2.6},
  url = {https://CRAN.R-project.org/package=tidySEM},
}
@Manual{R-tinylabels,
  title = {{tinylabels}: Lightweight Variable Labels},
  author = {Marius Barth},
  year = {2023},
  note = {R package version 0.2.4},
  url = {https://cran.r-project.org/package=tinylabels},
}
